@article{faster_r_cnn,
 author = {Ren, Shaoqing and He, Kaiming and Girshick, Ross and Sun, Jian},
 title = {Faster R-CNN: Towards Real-Time Object Detection with Region Proposal Networks},
 journal = {IEEE Trans. Pattern Anal. Mach. Intell.},
 issue_date = {June 2017},
 volume = {39},
 number = {6},
 month = jun,
 year = {2017},
 issn = {0162-8828},
 pages = {1137--1149},
 numpages = {13},
 url = {https://doi.org/10.1109/TPAMI.2016.2577031},
 doi = {10.1109/TPAMI.2016.2577031},
 acmid = {3101780},
 publisher = {IEEE Computer Society},
 address = {Washington, DC, USA},
} 

@article{imagenet,
 author = {Krizhevsky, Alex and Sutskever, Ilya and Hinton, Geoffrey E.},
 title = {ImageNet Classification with Deep Convolutional Neural Networks},
 journal = {Commun. ACM},
 issue_date = {June 2017},
 volume = {60},
 number = {6},
 month = may,
 year = {2017},
 issn = {0001-0782},
 pages = {84--90},
 numpages = {7},
 url = {http://doi.acm.org/10.1145/3065386},
 doi = {10.1145/3065386},
 acmid = {3065386},
 publisher = {ACM},
 address = {New York, NY, USA},
} 
